<?xml version="1.0" encoding="UTF-8"?><collection xmlns="http://www.loc.gov/MARC21/slim"><record><leader>00513nam--2200181-u-4500</leader><controlfield tag="001">000052461</controlfield><controlfield tag="002">20161230</controlfield><controlfield tag="005">20161230201050</controlfield><controlfield tag="008">100715s1000------------r-----000-0-rus-d</controlfield><datafield ind1=" " ind2=" " tag="040"><subfield code="a">IFIN-HH</subfield></datafield><datafield ind1=" " ind2=" " tag="041"><subfield code="a">rus</subfield></datafield><datafield ind1="1" ind2=" " tag="100"><subfield code="a">Temperley, H.N.V</subfield></datafield><datafield ind1="1" ind2="0" tag="245"><subfield code="a">Fizika prostih judkostei</subfield><subfield code="c">H.N.V Temperley, J.S. Rowlinson, G.S. Rushbrooke (Eds.)</subfield></datafield><datafield ind1=" " ind2=" " tag="260"><subfield code="a">Moskva</subfield><subfield code="b">Mir</subfield><subfield code="c">1971</subfield></datafield><datafield ind1=" " ind2=" " tag="300"><subfield code="a">308p</subfield></datafield><datafield ind1=" " ind2=" " tag="500"><subfield code="a">Tit. orig. in lb. engleza: Physics of Simple Liquids</subfield></datafield><datafield ind1=" " ind2=" " tag="852"><subfield code="a">36447</subfield><subfield code="c">532</subfield></datafield><datafield ind1=" " ind2=" " tag="CAT"><subfield code="a">Sys</subfield><subfield code="c">20100715</subfield><subfield code="h">101955</subfield></datafield></record></collection>